@inproceedings{cerri2013grammatical,
	title={A grammatical evolution algorithm for generation of hierarchical multi-label classification rules},
	author={Cerri, Ricardo and Barros, Rodrigo C and de Carvalho, Andr{\'e} CPLF and Freitas, Alex and others},
	booktitle={Evolutionary Computation (CEC), 2013 IEEE Congress on},
	pages={454--461},
	year={2013},
	organization={IEEE}
}
@incollection{ryan1998grammatical,
	title={Grammatical evolution: Evolving programs for an arbitrary language},
	author={Ryan, Conor and Collins, JJ and Neill, Michael O},
	booktitle={Genetic Programming},
	pages={83--96},
	year={1998},
	publisher={Springer}
}
@techreport{harris2015comparison,
	title={A Comparison of Genetic Programming Variants for Hyper-Heuristics.},
	author={Harris, Sean and Tauritz, Daniel},
	year={2015},
	institution={Sandia National Laboratories (SNL-NM), Albuquerque, NM (United States)}
}
@article{sabar2013grammatical,
	title={Grammatical evolution hyper-heuristic for combinatorial optimization problems},
	author={Sabar, Nasser R and Ayob, Masri and Kendall, Graham and Qu, Rong},
	journal={Evolutionary Computation, IEEE Transactions on},
	volume={17},
	number={6},
	pages={840--861},
	year={2013},
	publisher={IEEE}
}

@article{byrne2015optimising,
	title={Optimising complex pylon structures with grammatical evolution},
	author={Byrne, Jonathan and Fenton, Michael and Hemberg, Erik and McDermott, James and O’Neill, Michael},
	journal={Information Sciences},
	volume={316},
	pages={582--597},
	year={2015},
	publisher={Elsevier}
}

@incollection{koza2005genetic,
	title={Genetic programming},
	author={Koza, John R and Poli, Riccardo},
	booktitle={Search Methodologies},
	pages={127--164},
	year={2005},
	publisher={Springer}
}

@inproceedings{boric2007genetic,
	title={Genetic programming-based clustering using an information theoretic fitness measure},
	author={Boric, Neven and Est{\'e}vez, Pablo and others},
	booktitle={Evolutionary Computation, 2007. CEC 2007. IEEE Congress on},
	pages={31--38},
	year={2007},
	organization={IEEE}
}

@book{jain1988algorithms,
	title={Algorithms for clustering data},
	author={Jain, Anil K and Dubes, Richard C},
	year={1988},
	publisher={Prentice-Hall, Inc.}
}

@article{kanungo2002efficient,
	title={An efficient k-means clustering algorithm: Analysis and implementation},
	author={Kanungo, Tapas and Mount, David M and Netanyahu, Nathan S and Piatko, Christine D and Silverman, Ruth and Wu, Angela Y},
	journal={Pattern Analysis and Machine Intelligence, IEEE Transactions on},
	volume={24},
	number={7},
	pages={881--892},
	year={2002},
	publisher={IEEE}
}

@inproceedings{ahalya2015data,
	title={Data clustering approaches survey and analysis},
	author={Ahalya, G and Pandey, Hari Mohan},
	booktitle={Futuristic Trends on Computational Analysis and Knowledge Management (ABLAZE), 2015 International Conference on},
	pages={532--537},
	year={2015},
	organization={IEEE}
}

@article{rousseeuw1987silhouettes,
	title={Silhouettes: a graphical aid to the interpretation and validation of cluster analysis},
	author={Rousseeuw, Peter J},
	journal={Journal of computational and applied mathematics},
	volume={20},
	pages={53--65},
	year={1987},
	publisher={Elsevier}
}

@book{poli2014genetic,
	title={Genetic programming},
	author={Poli, Riccardo and Koza, John},
	year={2014},
	publisher={Springer}
}

@Book{knuth:84,
  author = 	 {Donald E. Knuth},
  title = 	 {The {\TeX} Book},
  publisher = 	 {Addison-Wesley},
  year = 	 {1984},
  edition = 	 {15th}
}

@InCollection{boulic:91,
  author = 	 {R. Boulic and O. Renault},
  title = 	 {3D Hierarchies for Animation},
  booktitle = 	 {New Trends in Animation and Visualization},
  publisher =    {John Wiley {\&} Sons ltd.},
  year = 	 {1991},
  editor = 	 {Nadia Magnenat-Thalmann and Daniel Thalmann}
}

@InCollection{smith:99,
  author = 	 {A. Smith and B. Jones},
  title = 	 {On the Complexity of Computing},
  booktitle = 	 {Advances in Computer Science},
  pages = 	 {555--566},
  publisher =    {Publishing Press},
  year = 	 {1999},
  editor = 	 {A. B. Smith-Jones}
}

@inproceedings{jMetal,
	Address = {Barcelona, Spain},
	Author = { J.J. Durillo and A.J. Nebro and E. Alba  },
	Booktitle = {CEC 2010},
	Month = {July},
	Pages = {4138-4325},
	OPTPublisher = {Springer Berlin / Heidelberg},
	OPTSeries = {Lecture Notes in Computer Science},
	Title = {The jMetal Framework for Multi-Objective Optimization: Design and Architecture},
	OPTVolume = {5467},
	Year = {2010}}

	@misc{uci ,
author = "A. Asuncion, D.J. Newman",
year = "2007",
title = "{UCI} Machine Learning Repository",
url = "http://www.ics.uci.edu/$\sim$mlearn/{MLR}epository.html",
institution = "University of California, Irvine, School of Information and Computer Sciences" 
}


@inproceedings{lourencco2012evolving,
  title={Evolving evolutionary algorithms},
  author={Louren{\c{c}}o, Nuno and Pereira, Francisco and Costa, Ernesto},
  booktitle={Proceedings of the 14th annual conference companion on Genetic and evolutionary computation},
  pages={51--58},
  year={2012},
  organization={ACM}
}

@article{pham2005selection,
  title={Selection of K in K-means clustering},
  author={Pham, Duc Truong and Dimov, Stefan S and Nguyen, CD},
  journal={Proceedings of the Institution of Mechanical Engineers, Part C: Journal of Mechanical Engineering Science},
  volume={219},
  number={1},
  pages={103--119},
  year={2005},
  publisher={SAGE Publications}
}


@article{yan2005methods,
  title={Methods of determining the number of clusters in a data set and a new clustering criterion},
  author={Yan, Mingjin},
  year={2005},
  publisher={Virginia Tech}
}

@article{tibshirani2001estimating,
  title={Estimating the number of clusters in a data set via the gap statistic},
  author={Tibshirani, Robert and Walther, Guenther and Hastie, Trevor},
  journal={Journal of the Royal Statistical Society: Series B (Statistical Methodology)},
  volume={63},
  number={2},
  pages={411--423},
  year={2001},
  publisher={Wiley Online Library}
}

@inproceedings{cerri2013grammatical,
	title={A grammatical evolution algorithm for generation of hierarchical multi-label classification rules},
	author={Cerri, Ricardo and Barros, Rodrigo C and de Carvalho, Andr{\'e} CPLF and Freitas, Alex and others},
	booktitle={Evolutionary Computation (CEC), 2013 IEEE Congress on},
	pages={454--461},
	year={2013},
	organization={IEEE}
}

@techreport{harris2015comparison,
	title={A Comparison of Genetic Programming Variants for Hyper-Heuristics.},
	author={Harris, Sean and Tauritz, Daniel},
	year={2015},
	institution={Sandia National Laboratories (SNL-NM), Albuquerque, NM (United States)}
}

@article{sabar2013grammatical,
	title={Grammatical evolution hyper-heuristic for combinatorial optimization problems},
	author={Sabar, Nasser R and Ayob, Masri and Kendall, Graham and Qu, Rong},
	journal={Evolutionary Computation, IEEE Transactions on},
	volume={17},
	number={6},
	pages={840--861},
	year={2013},
	publisher={IEEE}
}

@article{byrne2015optimising,
	title={Optimising complex pylon structures with grammatical evolution},
	author={Byrne, Jonathan and Fenton, Michael and Hemberg, Erik and McDermott, James and O’Neill, Michael},
	journal={Information Sciences},
	volume={316},
	pages={582--597},
	year={2015},
	publisher={Elsevier}
}

@incollection{koza2005genetic,
	title={Genetic programming},
	author={Koza, John R and Poli, Riccardo},
	booktitle={Search Methodologies},
	pages={127--164},
	year={2005},
	publisher={Springer}
}

@inproceedings{boric2007genetic,
	title={Genetic programming-based clustering using an information theoretic fitness measure},
	author={Boric, Neven and Est{\'e}vez, Pablo and others},
	booktitle={Evolutionary Computation, 2007. CEC 2007. IEEE Congress on},
	pages={31--38},
	year={2007},
	organization={IEEE}
}

@book{jain1988algorithms,
	title={Algorithms for clustering data},
	author={Jain, Anil K and Dubes, Richard C},
	year={1988},
	publisher={Prentice-Hall, Inc.}
}

@article{kanungo2002efficient,
	title={An efficient k-means clustering algorithm: Analysis and implementation},
	author={Kanungo, Tapas and Mount, David M and Netanyahu, Nathan S and Piatko, Christine D and Silverman, Ruth and Wu, Angela Y},
	journal={Pattern Analysis and Machine Intelligence, IEEE Transactions on},
	volume={24},
	number={7},
	pages={881--892},
	year={2002},
	publisher={IEEE}
}

@inproceedings{ahalya2015data,
	title={Data clustering approaches survey and analysis},
	author={Ahalya, G and Pandey, Hari Mohan},
	booktitle={Futuristic Trends on Computational Analysis and Knowledge Management (ABLAZE), 2015 International Conference on},
	pages={532--537},
	year={2015},
	organization={IEEE}
}

@article{rousseeuw1987silhouettes,
	title={Silhouettes: a graphical aid to the interpretation and validation of cluster analysis},
	author={Rousseeuw, Peter J},
	journal={Journal of computational and applied mathematics},
	volume={20},
	pages={53--65},
	year={1987},
	publisher={Elsevier}
}

@book{poli2014genetic,
	title={Genetic programming},
	author={Poli, Riccardo and Koza, John},
	year={2014},
	publisher={Springer}
}

@article{byrne2015optimising,
	title={Optimising complex pylon structures with grammatical evolution},
	author={Byrne, Jonathan and Fenton, Michael and Hemberg, Erik and McDermott, James and O’Neill, Michael},
	journal={Information Sciences},
	volume={316},
	pages={582--597},
	year={2015},
	publisher={Elsevier}
}
@inproceedings{cerri2013grammatical,
	title={A grammatical evolution algorithm for generation of hierarchical multi-label classification rules},
	author={Cerri, Ricardo and Barros, Rodrigo C and de Carvalho, Andr{\'e} CPLF and Freitas, Alex and others},
	booktitle={Evolutionary Computation (CEC), 2013 IEEE Congress on},
	pages={454--461},
	year={2013},
	organization={IEEE}
}

@article{rousseeuw1987silhouettes,
  title={Silhouettes: a graphical aid to the interpretation and validation of cluster analysis},
  author={Rousseeuw, Peter J},
  journal={Journal of computational and applied mathematics},
  volume={20},
  pages={53--65},
  year={1987},
  publisher={Elsevier}
}